@inproceedings{Collberg:1998:MCR:268946.268962,
 author = {Collberg, Christian and Thomborson, Clark and Low, Douglas},
 title = {Manufacturing Cheap, Resilient, and Stealthy Opaque Constructs},
 booktitle = {Proceedings of the 25th ACM SIGPLAN-SIGACT Symposium on Principles of Programming Languages},
 series = {POPL '98},
 year = {1998},
 isbn = {0-89791-979-3},
 location = {San Diego, California, USA},
 pages = {184--196},
 numpages = {13},
 url = {http://doi.acm.org/10.1145/268946.268962},
 doi = {10.1145/268946.268962},
 acmid = {268962},
 publisher = {ACM},
 address = {New York, NY, USA},
}

